<record><leader>00000cas a22000007a 4500</leader><controlfield tag="001">33827501</controlfield><controlfield tag="008">951130c19699999meuwr ne      0    0eng d</controlfield><datafield ind1=" " ind2=" " tag="010"><subfield code="a">sn 95067990 </subfield></datafield><datafield ind1=" " ind2=" " tag="040"><subfield code="a">MBN</subfield><subfield code="b">eng</subfield><subfield code="c">MBN</subfield><subfield code="d">OCLCQ</subfield><subfield code="d">OCLCF</subfield><subfield code="d">OCLCO</subfield></datafield><datafield ind1="1" ind2=" " tag="029"><subfield code="a">AU@</subfield><subfield code="b">000025890134</subfield></datafield><datafield ind1=" " ind2=" " tag="042"><subfield code="a">msc</subfield></datafield><datafield ind1="0" ind2=" " tag="130"><subfield code="a">Island ad-vantages (Stonington, Me. : 1969)</subfield></datafield><datafield ind1="0" ind2="0" tag="245"><subfield code="a">Island ad-vantages.</subfield></datafield><datafield ind1="3" ind2="0" tag="246"><subfield code="a">Island ad vantages</subfield></datafield><datafield ind1="3" ind2="0" tag="246"><subfield code="a">Island advantages</subfield></datafield><datafield ind1=" " ind2=" " tag="260"><subfield code="a">Stonington, Me. :</subfield><subfield code="b">Penobscot Bay Press</subfield></datafield><datafield ind1=" " ind2=" " tag="300"><subfield code="a">v.</subfield></datafield><datafield ind1=" " ind2=" " tag="310"><subfield code="a">Weekly</subfield></datafield><datafield ind1="0" ind2=" " tag="362"><subfield code="a">Vol. 34, no. 36 (Aug. 22, 1969)-</subfield></datafield><datafield ind1=" " ind2=" " tag="500"><subfield code="a">"Your east Penobscot Bay weekly newspaper."</subfield></datafield><datafield ind1=" " ind2="0" tag="651"><subfield code="a">Stonington (Me.)</subfield><subfield code="v">Newspapers.</subfield></datafield><datafield ind1=" " ind2="7" tag="655"><subfield code="a">Newspapers.</subfield><subfield code="2">fast</subfield><subfield code="0">(OCoLC)fst01423814</subfield></datafield><datafield ind1=" " ind2="7" tag="651"><subfield code="a">Maine</subfield><subfield code="z">Stonington.</subfield><subfield code="2">fast</subfield><subfield code="0">(OCoLC)fst01291021</subfield></datafield><datafield ind1=" " ind2=" " tag="752"><subfield code="a">United States</subfield><subfield code="b">Maine</subfield><subfield code="c">Hancock</subfield><subfield code="d">Stonington.</subfield></datafield><datafield ind1="0" ind2="0" tag="780"><subfield code="t">Island ad-vantages combined with the messenger</subfield><subfield code="w">(DLC)sn 98065846</subfield></datafield></record>